<record><leader>00000cas a2200000 a 4500</leader><controlfield tag="001">8810818</controlfield><controlfield tag="008">820927d19061906cauuu ne      0   a0eng  </controlfield><datafield ind1=" " ind2=" " tag="010"><subfield code="a">sn 82015732 </subfield></datafield><datafield ind1=" " ind2=" " tag="040"><subfield code="a">DLC</subfield><subfield code="b">eng</subfield><subfield code="c">DLC</subfield><subfield code="d">NPU</subfield><subfield code="d">DLC</subfield><subfield code="d">KNP</subfield><subfield code="d">CNK</subfield><subfield code="d">NVK</subfield><subfield code="d">CNK</subfield><subfield code="d">DLC</subfield><subfield code="d">OCLCQ</subfield><subfield code="d">DLC</subfield><subfield code="d">NSD</subfield><subfield code="d">DLC</subfield><subfield code="d">OCLCQ</subfield><subfield code="d">OCLCO</subfield><subfield code="d">OCLCF</subfield><subfield code="d">OCLCO</subfield></datafield><datafield ind1="1" ind2=" " tag="022"><subfield code="a">1941-2371</subfield><subfield code="l">1941-2371</subfield><subfield code="2">1</subfield></datafield><datafield ind1="1" ind2=" " tag="029"><subfield code="a">AU@</subfield><subfield code="b">000025833170</subfield></datafield><datafield ind1="1" ind2=" " tag="029"><subfield code="a">NZ1</subfield><subfield code="b">16070537</subfield></datafield><datafield ind1=" " ind2=" " tag="042"><subfield code="a">pcc</subfield><subfield code="a">nsdp</subfield></datafield><datafield ind1=" " ind2=" " tag="043"><subfield code="a">n-us-ca</subfield></datafield><datafield ind1="0" ind2="0" tag="050"><subfield code="a">Newspaper 7155</subfield></datafield><datafield ind1=" " ind2="4" tag="222"><subfield code="a">The Call-chronicle-examiner</subfield></datafield><datafield ind1="0" ind2="4" tag="245"><subfield code="a">The Call-chronicle-examiner.</subfield></datafield><datafield ind1="3" ind2=" " tag="246"><subfield code="a">Callchronicleexaminer</subfield></datafield><datafield ind1=" " ind2=" " tag="260"><subfield code="a">San Francisco, Calif. :</subfield><subfield code="b">[s.n.],</subfield><subfield code="c">1906.</subfield></datafield><datafield ind1=" " ind2=" " tag="300"><subfield code="a">1 v. :</subfield><subfield code="b">ill. ;</subfield><subfield code="c">61 cm.</subfield></datafield><datafield ind1="0" ind2=" " tag="362"><subfield code="a">Apr. 19, 1906.</subfield></datafield><datafield ind1=" " ind2=" " tag="530"><subfield code="a">Archived issue is available in digital format as part of the Library of Congress Chronicling America online collection.</subfield></datafield><datafield ind1=" " ind2=" " tag="580"><subfield code="a">A joint ed. of the San Francisco Call, San Francisco Chronicle, and San Francisco examiner issued the day after the San Francisco earthquake.</subfield></datafield><datafield ind1=" " ind2="0" tag="651"><subfield code="a">San Francisco (Calif.)</subfield><subfield code="v">Newspapers.</subfield></datafield><datafield ind1=" " ind2="0" tag="650"><subfield code="a">San Francisco Earthquake and Fire, Calif., 1906.</subfield></datafield><datafield ind1=" " ind2="7" tag="655"><subfield code="a">Newspapers.</subfield><subfield code="2">fast</subfield><subfield code="0">(OCoLC)fst01423814</subfield></datafield><datafield ind1="2" ind2="7" tag="611"><subfield code="a">San Francisco Earthquake and Fire (California : 1906)</subfield><subfield code="2">fast</subfield><subfield code="0">(OCoLC)fst01710058</subfield></datafield><datafield ind1=" " ind2="7" tag="648"><subfield code="a">1906</subfield><subfield code="2">fast</subfield></datafield><datafield ind1=" " ind2="7" tag="651"><subfield code="a">California.</subfield><subfield code="2">fast</subfield><subfield code="0">(OCoLC)fst01204928</subfield></datafield><datafield ind1=" " ind2="7" tag="651"><subfield code="a">California</subfield><subfield code="z">San Francisco.</subfield><subfield code="2">fast</subfield><subfield code="0">(OCoLC)fst01204481</subfield></datafield><datafield ind1=" " ind2=" " tag="752"><subfield code="a">United States</subfield><subfield code="b">California</subfield><subfield code="c">San Francisco</subfield><subfield code="d">San Francisco.</subfield></datafield><datafield ind1="1" ind2=" " tag="787"><subfield code="t">San Francisco call</subfield><subfield code="w">(DLC)sn 85066387</subfield></datafield><datafield ind1="1" ind2=" " tag="787"><subfield code="t">San Francisco chronicle</subfield><subfield code="w">(DLC)sn 82003402</subfield></datafield><datafield ind1="1" ind2=" " tag="787"><subfield code="t">San Francisco examiner</subfield><subfield code="w">(DLC)sn 82006825</subfield></datafield><datafield ind1=" " ind2=" " tag="850"><subfield code="a">DLC</subfield></datafield><datafield ind1="4" ind2="1" tag="856"><subfield code="u">http://www.loc.gov/chroniclingamerica/lccn/sn82015732/issues</subfield></datafield></record>